@INPROCEEDINGS{trie1,
title={Succinct Representation Of Static Packet Classifiers},
author={Wencheng Lu and Sahni, S.},
journal={IEEE Symposium on Computers and Communications (ISCC)},
year={2007},
month={July},
pages={1119-1124},
}

@inproceedings{trie2,
 author = {Sahni, Sartaj and Kim, Kun Suk},
 title = {Efficient Construction of Variable-Stride Multibit Tries for {IP} Lookup},
 booktitle = {Proceedings of the symposium on applications and the internet},
 year = {2002},
}

@INPROCEEDINGS{trie3,
    author = {V. Srinivasan and George Varghese},
    title = {Faster {IP} Lookups using Controlled Prefix Expansion},
    booktitle = {{ACM} Transactions on Computer Systems},
    year = {1998},
    pages = {1--10}
}

@MISC{cecilia,
    author = {Paul F. Tsuchiya},
    title = {A search algorithm for table entries with non-contiguous wildcarding},
    year = {1992},
    publisher={Bellcore},
    note={Unpublished report}
}

@inproceedings{tss,
 author = {Srinivasan, V. and Suri, S. and Varghese, G.},
 title = {Packet classification using tuple space search},
 booktitle = {Proceedings of the conference on applications, technologies, architectures, and protocols for computer communication},
 year = {1999},
 pages = {135--146},
}

@article{cross-p,
 author = {Srinivasan, V. and Varghese, G. and Suri, S. and Waldvogel, M.},
 title = {Fast and scalable layer four switching},
 journal = {SIGCOMM Comput. Commun. Rev.},
 volume = {28},
 number = {4},
 year = {1998},
 pages = {191--202},
}

@ARTICLE{geo-range,
    author = {Mark H. Overmars},
    title = {Range searching and point location among fat objects},
    journal = {Journal of Algorithms},
    year = {1996},
    volume = {21},
    pages = {629--656}
}

@inproceedings{bob,
 author = {Lu, H. and Sahni, S.},
 title = {Dynamic {IP} router-tables using highest-priority matching},
 booktitle = {Proceedings of the international symposium on computers and communications},
 year = {2004},
}

@inproceedings{pankaj+,
 author = {Gupta, Pankaj and McKeown, Nick},
 title = {Packet classification on multiple fields},
 booktitle = {Proceedings of the conference on applications, technologies, architectures, and protocols for computer communication},
 year = {1999},
 pages = {147--160},
}

@inproceedings{kumar+,
 author = {Kumar, Sailesh and Dharmapurikar, Sarang and Yu, Fang and Crowley, Patrick and Turner, Jonathan},
 title = {Algorithms to accelerate multiple regular expressions matching for deep packet inspection},
 booktitle = {Proceedings of the conference on applications, technologies, architectures, and protocols for computer communications},
 year = {2006},
 pages = {339--350},
}

@INPROCEEDINGS{bispo+,
 title={Regular expression matching for reconfigurable packet inspection},
 author={Joao Bispo and Ioannis Sourdis and Joao Cardoso and Stamatis Vassiliadis},
 booktitle={{IEEE} International Conference on Field Programmable Technology},
 year={2006},
 pages={119-126},
}

@book{ullman+,
author = {J. E. Hopcroft and J. E. Ullman},
title={Introduction to Automata Theory, Languages, and Computation},
publisher={Addison-Wesley},
year={2000},
edition={2nd},
}

@article{taylor:survey,
 author = {Taylor, David E.},
 title = {Survey and taxonomy of packet classification techniques},
 journal = {ACM Comput. Surv.},
 volume = {37},
 number = {3},
 year = {2005},
 pages = {238--275},
 publisher = {ACM},
 address = {New York, NY, USA},
}

@book{medhi+:book,
 author = {Medhi, Deepankar and Ramasamy, Karthikeyan},
 title = {Network Routing: Algorithms, Protocols, and Architectures},
 year = {2007},
 isbn = {0120885883},
 publisher = {Morgan Kaufmann Publishers Inc.},
 address = {San Francisco, CA, USA},
}

@book{vargheseBook,
 author = {Varghese, George},
 title = {Network Algorithmics,: An Interdisciplinary Approach to Designing Fast Networked Devices (The Morgan Kaufmann Series in Networking)},
 year = {2004},
 publisher = {Morgan Kaufmann Publishers Inc.},
 address = {San Francisco, CA, USA},
}

@inproceedings{sleepy,
 author = {Kumar, Sailesh and Chandrasekaran, Balakrishnan and Turner, Jonathan and Varghese, George},
 title = {Curing regular expressions matching algorithms from insomnia, amnesia, and acalculia},
 booktitle = {ANCS '07: Proceedings of the 3rd ACM/IEEE Symposium on Architecture for networking and communications systems},
 year = {2007},
 pages = {155--164},
}

@inproceedings{xfa,
 author = {Smith, Randy and Estan, Cristian and Jha, Somesh},
 title = {{XFA}: Faster Signature Matching with Extended Automata},
 booktitle = {Proceedings of the IEEE Symposium on Security and Privacy},
 year = {2008},
 pages = {187--201},
}

@inproceedings{efsa,
 author = {Sekar, R. and Uppuluri, P.},
 title = {Synthesizing Fast Intrusion Prevention/Detection Systems from High-Level Specifications},
 booktitle = {Proceedings of the USENIX Security Symposium},
 year = {1999},
}

@InCollection{ch48,
  author     =   {Sataj Sahni and Kun Suk Kim and Haibin Lu},
  title      =   {{IP} Router Tables},
  booktitle  =   {Handbook of Data Structures and Applications},
  chapter = {48},
  publisher  =   {Chapman \& Hall/CRC},
  year       =   2005,
  editor     =   {Dinesh Mehta and Sartaj Sahni}
}

@article{babo-journal,
 author = {Baboescu, Florin and Varghese, George},
 title = {Scalable packet classification},
 journal = {IEEE/ACM Trans. Netw.},
 volume = {13},
 number = {1},
 year = {2005},
 pages = {2--14},
 publisher = {IEEE Press},
}

@inproceedings{babo+,
 author = {Baboescu, Florin and Varghese, George},
 title = {Scalable packet classification},
 booktitle = {SIGCOMM '01: Proceedings of the 2001 conference on Applications, technologies, architectures, and protocols for computer communications},
 year = {2001},
 pages = {199--210},
}

@InCollection{ch49,
  author     =   {Pankaj Gupta},
  title      =   {Multi-Dimensional Packet Classification},
  booktitle  =   {Handbook of Data Structures and Applications},
  chapter = {49},
  publisher  =   {Chapman \& Hall/CRC},
  year       =   2005,
  editor     =   {Dinesh Mehta and Sartaj Sahni}
}

@book{ml,
  author={Robin Milner and Mads Tofte and Robert Harper and David MacQueen},
  title={The Definition of Standard {ML} (Revised)},
  publisher={MIT Press},
  year={1997}
}

@ARTICLE{static1,
    author = {Ehab Al-shaer and Hazem Hamed and Raouf Boutaba and Masum Hasan},
    title = {Conflict classification and analysis of distributed firewall policies},
    journal = {{IEEE} Journal on Selected Areas in Communications},
    year = {2005},
    volume = {23},
    pages = {2069--2084}
}

@inproceedings{static2,
title={Analysis of Firewall Policy Rules Using Data Mining Techniques},
author={Golnabi, K. and Min, R.K. and Khan, L. and Al-Shaer, E.},
booktitle={Proceedings of the Network Operations and Management Symposium},
year={2006},
pages={305--315},
}

@inproceedings{dos,
 author = {Scott A. Crosby and Dan S. Wallach},
 title = {Denial of service via algorithmic complexity attacks},
 booktitle = {Proceedings of the 12th conference on {USENIX} Security Symposium},
 year = {2003},
}

@inproceedings{dyn-multi,
title={Dynamic multi-field packet classification},
author={van Lunteren, J. and Engbersen, T.},
booktitle={Proceedings of the {IEEE} Global Telecommunications Conference},
year={2002},
}

@article{speed,
 author = {T. Lakshman and D. Stiliadis},
 title = {High-speed policy-based packet forwarding using efficient multi-dimensional range matching},
 journal = {{SIGCOMM} Comput. Commun. Rev.},
 volume = {28},
 number = {4},
 year = {1998},
 pages = {203--214},
}

@inproceedings{geometric,
title={The geometric efficient matching algorithm for firewalls},
author={Rovniagin, D. and Wool, A.},
booktitle={Proceedings of the 23rd {IEEE} Convention of Electrical and Electronics Engineers in Israel},
year={2004},
month={Sept.},
pages={153--156},
}

@inproceedings{fast-fw,
 author = {Lili Qiu and George Varghese and Subhash Suri},
 title = {Fast firewall implementations for software-based and hardware-based routers},
 booktitle = {Proceedings of the 2001 {ACM} {SIGMETRICS} International Conference on Measurement and Modeling of Computer Systems},
 year = {2001},
 pages = {344--345},
}

@misc{optimizing-fw,
author = {Anssi Kolehmainen},
title = {Optimizing Firewall Performance},
year = 2007,
note = {{TKK} {T}-110.5190 Seminar on Internetworking},
}

@misc{patent,
author = {Tirunell Lakshman and Dimitrios Stiliadis},
title = {Packet filter system using {BITMAP} vector of filter rules for routing packet through network},
year = 1999,
note = {{US} Patent 5951651},
}

@MANUAL{pf-fw,
organization="{OpenBSD}",
TITLE="{PF}: The {OpenBSD} Packet Filter",
NOTE="\url{http://www.openbsd.org/faq/pf/}"
}

@MANUAL{snort,
organization="{Sourcefire, Inc}",
TITLE="Snort",
NOTE="\url{http://www.snort.org/}"
}

@MISC{ipfilter,
author="Darren Reed",
TITLE="{IP} Filter",
NOTE="\url{http://coombs.anu.edu.au/~avalon/}"
}

@MISC{ipfwadm,
author="Jos Vos",
TITLE="Linux Firewall Facilities for Kernel-level Packet Screening",
month = nov,
year = 1996,
NOTE="\url{http://www.xos.nl/download/ipfwadm/paper.pdf}"
}

@BOOK{book-wiley-hacker,
AUTHOR="William R. Cheswick and Steven M. Bellovin and Aviel D. Rubin",
TITLE="Firewalls and Internet Security: Repelling the Wily Hacker",
edition = "2nd",
PUBLISHER="Addison-Wesley",
YEAR=2003
}

@BOOK{book-comp-sec,
AUTHOR="William Stallings and Lawrie Brown",
TITLE="Computer Security Principles and Practice",
PUBLISHER="Pearson Education",
YEAR=2008
}

@BOOK{book-networking,
AUTHOR="James F. Kurose and Keith W. Ross",
TITLE="Computer Networking: A Top-Down Approach",
PUBLISHER="Pearson Education",
YEAR=2008
}

@inproceedings{bdds,
 author = {Hazelhurst, Scott and Attar, Adi and Sinnappan, Raymond},
 title = {Algorithms for Improving the Dependability of Firewall and Filter Rule Lists},
 booktitle = {Proceedings of the International Conference on Dependable Systems and Networks},
 year = {2000},
 pages = {576--585},
}

@article{classbench,
 author = {Taylor, David E. and Turner, Jonathan S.},
 title = {ClassBench: a packet classification benchmark},
 journal = {IEEE/ACM Trans. Netw.},
 volume = {15},
 number = {3},
 year = {2007},
 pages = {499--511},
}

@ARTICLE{article-session-table,
AUTHOR="Xin Li and ZhenZhou Ji and MingZeng Hu",
TITLE="Stateful Inspection Firewall Session Table Processing",
JOURNAL="International Journal of Information Technology",
YEAR=2005,
VOLUME=11,
NUMBER=2
}

@INBOOK{book-net-firewalls,
AUTHOR="Kenneth Ingham and Stephanie Forrest",
TITLE="Enhancing Computer Security with Smart Technology",
CHAPTER="``Network Firewalls''",
PAGES="9--35",
PUBLISHER="Auerbach Publications",
YEAR=2005,
NOTE="Edited by V. Rao Vemuri"
}

@ARTICLE{conf-hashes,
AUTHOR="A. Broder and M. Mitzenmacher",
TITLE="Using Multiple Hash Functions to Improve {IP} Lookups",
JOURNAL="IEEE",
YEAR=2001,
VOLUME=3,
PAGES="1454-1463",
NOTE="Proceedings of INFOCOM 2001, Twentieth Annual Joint Conference of the IEEE Computer and Communications Societies"
}

@MISC{jenkins-hash,
TITLE="Hash Functions",
AUTHOR="Bob Jenkins",
YEAR=1997,
MONTH=September,
NOTE="\url{http://www.ddj.com/184410284}"
}

@MANUAL{man-uthash,
TITLE="uthash User Guide",
AUTHOR="Troy D. Hanson",
YEAR=2006,
NOTE="\url{http://uthash.sourceforge.net/userguide.html}"
}

@MANUAL{man-juniper,
TITLE="Comparison of Firewall, Intrusion Prevention and Antivirus Technologies: How each protects the network",
AUTHOR="Juan Pablo Pereira",
year="2006",
NOTE="\url{http://www.juniper.net/solutions/literature/white_papers/200063.pdf}"
}

@MANUAL{man-cisco,
organization="Cisco",
TITLE="NAT and Stateful Inspection in Cisco IOS Firewall",
NOTE="\url{www.cisco.com/en/US/tech/tk648/tk361/tk438/tsd_technology_support_sub-protocol_home.html}"
}

@MANUAL{man-checkpoint,
organization="Check Point Software Technologies",
TITLE="Stateful Inspection Technology",
year=1999,
NOTE="\url{www.checkpoint.com/products/ downloads/firewall-1_statefulinspection.pdf}"
}

@MANUAL{man-netfilter,
organization="netfilter",
TITLE="netfilter/iptables project homepage - The netfilter.org project",
NOTE="\url{http://www.netfilter.org/}"
}

@ARTICLE{article-hownot,
AUTHOR="Richard Power",
TITLE="{CSI} Special Report on Firewalls: How {NOT} to build a firewall ",
JOURNAL="Computer Security Journal",
YEAR=1995,
VOLUME="{XI}",
NUMBER=1,
}

@MANUAL{man-iptables,
author="Herve Eychenne",
TITLE="{IPTABLES(8)} Man Page",
NOTE="\url{http://dev.medozas.de/files/xtables/iptables.html}"
}

@MISC{misc-spitzner,
TITLE="Building Your Firewall Rulebase",
AUTHOR="Lance Spitzner",
year="2000",
month=Jan,
NOTE="\url{http://www.spitzner.net/rules.html}"
}

@ARTICLE{rothke,
TITLE="The color of information security",
AUTHOR="Ben Rothke",
JOURNAL="Bright Hub",
YEAR=2008,
MONTH=May,
day="6",
NOTE="\url{http://www.brighthub.com/computing/ enterprise-security/articles/866.aspx}"
}

@MISC{how-many-rules,
TITLE="How many rules should a firewall have?",
organization="Virus.org :: Mailing List Archives",
key="How many",
YEAR=2004,
MONTH=May,
NOTE="\url{lists.virus.org/fw1-0405/threads.html#00093}"
}

@inproceedings{Dosa07,
  author    = {Gy{\"o}rgy D{\'o}sa},
  title     = {The Tight Bound of First Fit Decreasing Bin-Packing Algorithm
               Is FFD(I) $<$= 11/9OPT(I) + 6/9},
  booktitle = {Proceedings of ESCAPE},
  year      = {2007},
  publisher = {Springer},
  pages     = {1-11},
}

@article{JohnsonG85,
  author    = {David S. Johnson and
               M. R. Garey},
  title     = {A 71/60 theorem for bin packing},
  journal   = {J. Complexity},
  volume    = {1},
  number    = {1},
  year      = {1985},
  pages     = {65-106},
}

@book{Garey+Johnson:1979,
    author = {Garey, Michael  R.  and Johnson, David  S. },
    month = {January},
    publisher = {W. H. Freeman \& Co Ltd},
    title = {Computers and Intractability : A Guide to the Theory of NP-Completeness},
    year = {1979}
}

@article{johnson+bin,
  author    = {David S. Johnson and
               Alan J. Demers and
               Jeffrey D. Ullman and
               M. R. Garey and
               Ronald L. Graham},
  title     = {Worst-Case Performance Bounds for Simple One-Dimensional Packing Algorithms},
  journal   = {SIAM J. Comput.},
  volume    = {3},
  number    = {4},
  year      = {1974},
  pages     = {299-325},
}

@phdthesis{johnson-phd,
  author={Johnson, David S.},
  title={Near-Optimal Bin Packing Algorithms},
  school={Massachusetts Institute of Technology},
  year={1973}
}

@article{num-rules,
 title = {A Quantitative Study of Firewall Configuration Errors},
 author = {Avishai Wool},
 journal = {Computer},
 volume = {37},
 number = {6},
 year = {2004},
 issn = {0018-9162},
 pages = {62--67},
 publisher = {IEEE Computer Society Press},
 address = {Los Alamitos, CA, USA},
}

@TECHREPORT{rfc3435,
AUTHOR="Flemming Andreasen and B. Foster",
TITLE="Media Gateway Control Protocol {(MGCP)} Version {1.0}",
TYPE="RFC",
INSTITUTION="Internet Engineering Task Force",
NUMBER=3435,
PAGES=210,
DAYS=15,
MONTH=jan,
YEAR=2003,
}

@TECHREPORT{rfc3611,
AUTHOR="Timur Friedman and Ramon Caceres and Alan Clark and  Eds.",
TITLE="{RTP} Control Protocol Extended Reports {(RTCP} {XR)}",
TYPE="RFC",
INSTITUTION="Internet Engineering Task Force",
NUMBER=3611,
PAGES=55,
DAYS=15,
MONTH=nov,
YEAR=2003,
}

@TECHREPORT{rfc3261,
AUTHOR="J. Rosenberg and Henning Schulzrinne and G. Camarillo and A. Johnston and
J. Peterson and R. Sparks and M. Handley and E. Schooler",
TITLE="{SIP:} Session Initiation Protocol",
TYPE="RFC",
INSTITUTION="Internet Engineering Task Force",
NUMBER=3261,
PAGES=269,
DAYS=15,
MONTH=jun,
YEAR=2002,
}

@TECHREPORT{rfc2326,
AUTHOR="Henning Schulzrinne and Asha Rao and R. Lanphier",
TITLE="Real Time Streaming Protocol {(RTSP)}",
TYPE="RFC",
INSTITUTION="Internet Engineering Task Force",
NUMBER=2326,
PAGES=92,
DAYS=15,
MONTH=apr,
YEAR=1998,
}

@MISC {gage-tool-url,
TITLE="Efficient Firewall Project",
AUTHOR="Chris Gage and Jay Ligatti",
NOTE="\url{http://www.cse.usf.edu/~ligatti/firewall/}"
}

@MISC {webpage,
TITLE="Grouper source code",
AUTHOR="Josh Kuhn and Jay Ligatti and Chris Gage",
NOTE="\url{http://www.cse.usf.edu/~ligatti/projects/grouper/grouper.tar.gz}"
}

@MANUAL{man-snoop,
organization="Sun Microsystems",
TITLE="snoop(1M) - capture and inspect network packets",
month=jun,
year="1999",
NOTE="\url{docs.sun.com/app/docs/doc/806-0625/6j9vfim06}"
}
